<collection xmlns="http://www.loc.gov/MARC21/slim">
<record>
  <leader>01156nam0a2200229 i 450 </leader>
  <controlfield tag="001">IT\ICCU\CNCE\048137</controlfield>
  <controlfield tag="005">20100512000000.0</controlfield>
  <datafield tag="012" ind1=" " ind2=" ">
    <subfield code="a">a.in c.e- use- tuAc (3) 1557 (R)</subfield>
    <subfield code="2">fei</subfield>
  </datafield>
  <datafield tag="100" ind1=" " ind2=" ">
    <subfield code="a">19990315d1557        0itac0103    ba</subfield>
  </datafield>
  <datafield tag="101" ind1=" " ind2=" ">
    <subfield code="a">LAT</subfield>
  </datafield>
  <datafield tag="102" ind1=" " ind2=" ">
    <subfield code="a">IT</subfield>
  </datafield>
  <datafield tag="200" ind1="1" ind2=" ">
    <subfield code="a">℗Hieronymus Torniellus ℗Subtilissima ac doctissima commentaria. In l. a testatore ff. de cond. et demonst. &amp; in l. in quartam ff. ad l. Falcid. d. Hieronymi Tornielli iurisconsulti Nouarien. clarissimi in celeberrimo Patauino gymnasio iuris Caesarei, a vesperis interpretis</subfield>
  </datafield>
  <datafield tag="210" ind1=" " ind2=" ">
    <subfield code="a">Patauii</subfield>
    <subfield code="c">\al segno di Apolline!</subfield>
    <subfield code="d">1557</subfield>
  </datafield>
  <datafield tag="215" ind1=" " ind2=" ">
    <subfield code="a">\2!, 45 \i.e. 47!, \1! c.</subfield>
    <subfield code="d">fol</subfield>
  </datafield>
  <datafield tag="620" ind1=" " ind2=" ">
    <subfield code="a">IT</subfield>
    <subfield code="d">Padova</subfield>
  </datafield>
  <datafield tag="700" ind1=" " ind2="1">
    <subfield code="a">Tornielli,</subfield>
    <subfield code="b">Girolamo</subfield>
    <subfield code="3">IT\ICCU\CNCA\007010</subfield>
  </datafield>
  <datafield tag="712" ind1="0" ind2="2">
    <subfield code="a">℗al segno di ℗Apolline</subfield>
    <subfield code="3">IT\ICCU\CNCT\003043</subfield>
    <subfield code="4">650</subfield>
  </datafield>
  <datafield tag="790" ind1=" " ind2="1">
    <subfield code="a">Torniellus,</subfield>
    <subfield code="b">Hieronymus</subfield>
    <subfield code="3">IT\ICCU\CNCA\025210</subfield>
    <subfield code="z">Tornielli, Girolamo</subfield>
  </datafield>
  <datafield tag="801" ind1=" " ind2="3">
    <subfield code="a">IT</subfield>
    <subfield code="b">ICCU</subfield>
    <subfield code="c">20201115</subfield>
  </datafield>
  <datafield tag="899" ind1=" " ind2=" ">
    <subfield code="a">Biblioteca nazionale centrale. Roma</subfield>
    <subfield code="1">RM0267</subfield>
    <subfield code="2">BVE CR</subfield>
  </datafield>
  <datafield tag="911" ind1=" " ind2=" ">
    <subfield code="a">Sul front.</subfield>
    <subfield code="9">IT\ICCU\CNCM\000312</subfield>
  </datafield>
  <datafield tag="921" ind1=" " ind2=" ">
    <subfield code="a">IT\ICCU\CNCM\000312</subfield>
    <subfield code="b">Sole con volto di fanciullo.</subfield>
    <subfield code="e">Splendores mei virtutis testimonium</subfield>
    <subfield code="c">V317</subfield>
    <subfield code="c">Z1102</subfield>
    <subfield code="f">SOLE</subfield>
    <subfield code="f">SPLENDORES</subfield>
    <subfield code="g">1545-1564</subfield>
  </datafield>
</record>
</collection>
